@book{1,
  added-at = {2016-04-30T13:57:02.000+0200},
  address = {San Francisco},
  author = {Young, Hugh D. and Freedman, Roger A. and Ford, A. Lewis and Sears, Francis Weston},
  biburl = {https://www.bibsonomy.org/bibtex/24603103d36d19c28248920e136b163e3/ytyoun},
  edition = {Thirteenth},
  interhash = {34846ee8b0a9ac48776e92519aaab702},
  intrahash = {4603103d36d19c28248920e136b163e3},
  isbn = {9780321696861 0321696867 9780321696854 0321696859 9780321762184 0321762185 9780321741264 0321741269 9780321696229 0321696220},
  keywords = {physics textbook young.freedman},
  publisher = {Pearson Addison-Wesley},
  refid = {745977450},
  timestamp = {2016-05-02T09:07:44.000+0200},
  title = {Sears and Zemansky's University Physics: with Modern Physics},
  year = 2012
}